@article{rabiner1989tutorial,
  title =	 {A tutorial on hidden Markov models and selected
                  applications in speech recognition},
  author =	 {Rabiner, L.R.},
  journal =	 {Proceedings of the IEEE},
  volume =	 {77},
  number =	 {2},
  pages =	 {257--286},
  year =	 {1989},
  publisher =	 {IEEE}
}
@book{KollerFriedman09,
  title =	 {Probabilistic Graphical Models: Principles and
                  Techniques},
  author =	 {D. Koller and N. Friedman},
  year =	 {2009},
  publisher =	 {MIT Press},
}

@book{russell1995artificial,
  title={Artificial intelligence: a modern approach},
  author={Russell, S.J. and Norvig, P. and Canny, J.F. and Malik, J.M. and Edwards, D.D.},
  volume={2},
  year={1995},
  publisher={Prentice hall Englewood Cliffs, NJ}
}

@article{dempster1977maximum,
  title={Maximum likelihood from incomplete data via the EM algorithm},
  author={Dempster, A.P. and Laird, N.M. and Rubin, D.B.},
  journal={Journal of the Royal Statistical Society. Series B (Methodological)},
  pages={1--38},
  year={1977},
  publisher={JSTOR}
}

@techreport{yang1994hidden,
  title={Hidden markov model for gesture recognition},
  author={Yang, J. and Xu, Y.},
  year={1994},
  institution={DTIC Document}
}
