@article{rabiner1989tutorial,
  title =	 {A tutorial on hidden Markov models and selected
                  applications in speech recognition},
  author =	 {Rabiner, L.R.},
  journal =	 {Proceedings of the IEEE},
  volume =	 {77},
  number =	 {2},
  pages =	 {257--286},
  year =	 {1989},
  publisher =	 {IEEE}
}
@book{KollerFriedman09,
  title =	 {Probabilistic Graphical Models: Principles and
                  Techniques},
  author =	 {D. Koller and N. Friedman},
  year =	 {2009},
  publisher =	 {MIT Press},
}