@article{zubek2006introduction,
  title =	 {Introduction to hidden markov models},
  author =	 {Zubek, R.},
  journal =	 {AI Game Programming Wisdom},
  volume =	 {3},
  pages =	 {633--646},
  year =	 {2006}
}